% SOM
@article{gorricha2012improvements,
  title={Improvements on the visualization of clusters in geo-referenced data using Self-Organizing Maps},
  author={Gorricha, Jorge and Lobo, Victor},
  journal={Computers \& Geosciences},
  year={2012},
}
@article{lee2015visualizing,
  title={Visualizing urban social change with self-organizing maps: Toronto neighbourhoods, 1996--2006},
  author={Lee, Andrew C-D and Rinner, Claus},
  journal={Habitat International},
  year={2015},
}
@article{kohonen1982self,
  title={Self-organized formation of topologically correct feature maps},
  author={Kohonen, Teuvo},
  journal={Biological cybernetics},
  year={1982},
}

@article{transporteu,
  title={Transport in the European Union
Current Trends and Issues},
  author={European Commission},
  year={2019},
}


@article{adam2021monitoring,
  title={Monitoring trucks to reveal Belgian geographical structures and dynamics: From GPS traces to spatial interactions},
  author={Adam, Arnaud and Finance, Olivier and Thomas, Isabelle},
  journal={Journal of Transport Geography},
  year={2021},
}


@inproceedings{taghavi2019identifying,
  title={Identifying Truck Stops from a Large Stream of GPS Data via a Hidden Markov Chain Model},
  author={Taghavi, Mehdi and Irannezhad, Elnaz and Prato, Carlo G},
  booktitle={ITSC 2019},
  year={2019},
  organization={IEEE}
}

@article{moosavi2017contextual,
  title={Contextual mapping: Visualization of high-dimensional spatial patterns in a single geo-map},
  author={Moosavi, Vahid},
  journal={Computers, Environment and Urban Systems},
  year={2017},
}
@article{bar2001fast,
  title={Fast optimal leaf ordering for hierarchical clustering},
  author={Bar-Joseph, Ziv and Gifford, David K and Jaakkola, Tommi S},
  journal={Bioinformatics},
  year={2001},
}
@article{hotelling1933analysis,
  title={Analysis of a complex of statistical variables into principal components.},
  author={Hotelling, Harold},
  journal={Journal of educational psychology},
  year={1933},
  publisher={Warwick \& York}
}
@article{bonin1977problemes,
  title={Les probl{\`e}mes rencontr{\'e}s dans l'utilisation d'une matrice ordonnable},
  author={Bonin, Serge},
  journal={L'Espace g{\'e}ographique},
  year={1977},
  publisher={JSTOR}
}
@article{foggin1989respiratory,
  title={Respiratory health indicators and acculturation among the Inuit and Cree of northern Quebec: a regional approach using geographic seriation analysis},
  author={Foggin, Peter M and Aurillon, N},
  journal={Social Science \& Medicine},
  year={1989},
  publisher={Elsevier}
}
@article{finance2019reveler,
  title={R{\'e}v{\'e}ler la polarisation {\'e}conomique d'une ville {\`a} partir de traces GPS de camions. Le cas de Li{\`e}ge},
  author={Finance, Olivier and Adam, Arnaud and Jones, Jonathan and Thomas, Isabelle},
  journal={Bulletin de la Soci{\'e}t{\'e} G{\'e}ographique de Li{\`e}ge},
  year={2019}
}
@article{laporte1978seriation,
  title={The seriation problem and the travelling salesman problem},
  author={Laporte, Gilbert},
  journal={Journal of Computational and Applied Mathematics},
  year={1978},
  publisher={Elsevier}
}
@article{hadavimonitoring,
  title={Monitoring Urban Freight Transport based on GPS Traces of Heavy-Goods Vehicles},
  author={Hadavi, Sheida and Verlinde, Sara and Verbeke, Wouter and Macharis, Cathy and Guns, Tias}
}
@inproceedings{sarti2017stop,
  title={Stop purpose classification from GPS data of commercial vehicle fleets},
  author={Sarti, Leonardo and Bravi, Luca and Sambo, Francesco and Taccari, Leonardo and Simoncini, Matteo and Salti, Samuele and Lori, Alessandro},
  booktitle={ICDMW},
  year={2017},
  organization={IEEE}
}
@article{yang2014urban,
  title={Urban freight delivery stop identification with GPS data},
  author={Yang, Xia and Sun, Zhanbo and Ban, Xuegang J and Holgu{\'\i}n-Veras, Jos{\'e}},
  journal={Transportation Research Record},
  year={2014},
  publisher={SAGE Publications Sage CA: Los Angeles, CA}
}
@article{gingerich2016classifying,
  title={Classifying the purpose of stopped truck events: An application of entropy to GPS data},
  author={Gingerich, Kevin and Maoh, Hanna and Anderson, William},
  journal={Transportation Research Part C: Emerging Technologies},
  year={2016},
  publisher={Elsevier}
}
@article{gong2018identification,
  title={Identification of activity stop locations in GPS trajectories by DBSCAN-TE method combined with support vector machines},
  author={Gong, Lei and Yamamoto, Toshiyuki and Morikawa, Takayuki},
  journal={Transportation Research Procedia},
  year={2018},
  publisher={Elsevier}
}
@online{concorde,
  author={D. Applegate and R.E. Bixby and V. Chv√°tal, W. Cook},
  title={Concorde},
  url={https://www.math.uwaterloo.ca/tsp/concorde/index.html}
}
@misc{vettigliminisom,
  title={MiniSom: minimalistic and NumPy-based implementation of the Self Organizing Map},
  author={Giuseppe Vettigli},
  year={2018},
  url={https://github.com/JustGlowing/minisom/},
}
@article{virtanen2020scipy,
  title={SciPy 1.0: fundamental algorithms for scientific computing in Python},
  author={Virtanen, Pauli and Gommers, Ralf and Oliphant, Travis E and Haberland, Matt and Reddy, Tyler and Cournapeau, David and Burovski, Evgeni and Peterson, Pearu and Weckesser, Warren and Bright, Jonathan and others},
  journal={Nature methods},
  year={2020},
  publisher={Nature Publishing Group}
}
@article{flaskou2015analysis,
  title={Analysis of freight corridors using GPS data on trucks},
  author={Flaskou, Mania and Dulebenets, Maxim A and Golias, Mihalis M and Mishra, Sabyasachee and Rock, Robert M},
  journal={Transportation Research Record},
  year={2015},
  publisher={SAGE Publications Sage CA: Los Angeles, CA}
}
@article{gingerich2016characterization,
  title={Characterization of International Origin--Destination Truck Movements Across Two Major US--Canadian Border Crossings},
  author={Gingerich, Kevin and Maoh, Hanna and Anderson, William},
  journal={Transportation Research Record},
  year={2016},
  publisher={SAGE Publications Sage CA: Los Angeles, CA}
}