@inproceedings{giannotti2007trajectory,
  title={Trajectory pattern mining},
  author={Giannotti, Fosca and Nanni, Mirco and Pinelli, Fabio and Pedreschi, Dino},
  booktitle={SIGKDD},
  year={2007},
}
@article{ankerst1999optics,
  title={OPTICS: ordering points to identify the clustering structure},
  author={Ankerst, Mihael and Breunig, Markus M and Kriegel, Hans-Peter and Sander, J{\"o}rg},
  journal={ACM Sigmod record},
  year={1999},
  publisher={ACM New York, NY, USA}
}
